@article{Casacuberta2014,
author = {Casacuberta, Jordi},
file = {:Users/davidmoratacarranza/Google Drive/UNIVERSITAT/4- QUART/Primer Quadrimestre/OpenSource CFD Optativa/Informe/elbicfdo/ref/beginnersGuideOF.pdf:pdf},
title = {{Study of fluid dynamics applications in the field of engineering by using OpenFOAM}},
year = {2014}
}
@article{Feedback,
author = {Feedback, Learner},
file = {:Users/davidmoratacarranza/Google Drive/UNIVERSITAT/4- QUART/Primer Quadrimestre/OpenSource CFD Optativa/Informe/elbicfdo/ref/module5.pdf:pdf},
pages = {45--54},
title = {{Running in parallel}}
}
@article{Nozaki9240,
author = {Nozaki, Fumiya},
file = {:Users/davidmoratacarranza/Google Drive/UNIVERSITAT/4- QUART/Primer Quadrimestre/OpenSource CFD Optativa/Informe/elbicfdo/ref/openfoamrotatinggeometryenglish20140518-140517222323-phpapp01.pdf:pdf},
number = {May},
title = {{CFD for Rotating Machinery}},
year = {9240}
}
@article{Paterson2010,
author = {Paterson, Eric},
file = {:Users/davidmoratacarranza/Google Drive/UNIVERSITAT/4- QUART/Primer Quadrimestre/OpenSource CFD Optativa/Informe/elbicfdo/ref/icoFoamWalkThrough.pdf:pdf},
number = {April},
title = {{PENN STATE The icoFoam “ Cavity Tutorial ”}},
year = {2010}
}
@article{Penttinen2011,
abstract = {This is a student project work, done as part of a course where OpenFOAM and some other OpenSource software are introduced to the students. Any reader should be aware that it might not be free of errors. Still, it might be useful for someone who would like learn some details similar to the ones presented in the report and in the accompanying files.},
author = {Penttinen, Olle},
file = {:Users/davidmoratacarranza/Google Drive/UNIVERSITAT/4- QUART/Primer Quadrimestre/OpenSource CFD Optativa/Informe/elbicfdo/ref/anotherreference.pdf:pdf},
journal = {Change},
pages = {1--23},
title = {{A pimpleFoam tutorial for channel flow, with respect to different LES models.}},
year = {2011}
}
@article{Petit2011,
author = {Petit, Olivier},
file = {:Users/davidmoratacarranza/Google Drive/UNIVERSITAT/4- QUART/Primer Quadrimestre/OpenSource CFD Optativa/Informe/elbicfdo/ref/mesh{\_}generation{\_}2013{\_}OP.pdf:pdf},
title = {{Mesh generation: different ways of creating the mesh.}},
year = {2011}
}
@article{Pieri2014,
author = {Pieri, Roberto},
file = {:Users/davidmoratacarranza/Google Drive/UNIVERSITAT/4- QUART/Primer Quadrimestre/OpenSource CFD Optativa/Informe/elbicfdo/ref/snappyHexMesh.pdf:pdf},
number = {June},
title = {{A tool for pre-processing : snappyHexMesh}},
year = {2014}
}
@article{Rygg2013,
author = {Rygg, Jone Rivrud},
file = {:Users/davidmoratacarranza/Google Drive/UNIVERSITAT/4- QUART/Primer Quadrimestre/OpenSource CFD Optativa/Informe/elbicfdo/ref/work.pdf:pdf},
journal = {Thesis},
number = {June},
pages = {119},
title = {{CFD Analysis of a Pelton Turbine in OpenFOAM}},
year = {2013}
}
